@article{Patrignani:2016xqp,
      author         = "Patrignani, C. and others",
      title          = "Review of Particle Physics",
      collaboration  = "Particle Data Group",
      journal        = "Chin. Phys.",
      volume         = "C40",
      year           = "2016",
      number         = "10",
      pages          = "100001",
      doi            = "10.1088/1674-1137/40/10/100001",
      SLACcitation   = "%%CITATION = CHPHD,C40,100001;%%"
}
@article{deFlorian:2016spz,
      author         = "de Florian, D. and others",
      title          = "{Handbook of LHC Higgs Cross Sections: 4. Deciphering 
      the Nature of the Higgs Sector}",
      collaboration  = "LHC Higgs Cross Section Working Group",
      doi            = "10.23731/CYRM-2017-002",
      year           = "2016",
      eprint         = "1610.07922",
      archivePrefix  = "arXiv",
      primaryClass   = "hep-ph",
      reportNumber   = "FERMILAB-FN-1025-T, CERN-2017-002-M",
      SLACcitation   = "%%CITATION = ARXIV:1610.07922;%%"
}
@article{Degrande:2016dqg,
      author         = "Degrande, Celine and Fuks, Benjamin and Mawatari,
                        Kentarou and Mimasu, Ken and Sanz, Veronica",
      title          = "{Electroweak Higgs boson production in the standard model
                        effective field theory beyond leading order in QCD}",
      journal        = "Eur. Phys. J.",
      volume         = "C77",
      year           = "2017",
      number         = "4",
      pages          = "262",
      doi            = "10.1140/epjc/s10052-017-4793-x",
      eprint         = "1609.04833",
      archivePrefix  = "arXiv",
      primaryClass   = "hep-ph",
      reportNumber   = "IPPP-16-80, LPSC16198",
      SLACcitation   = "%%CITATION = ARXIV:1609.04833;%%"
}